
@article{latency-meas,
title = {Enabling MAC Protocol Implementations in Software-Defined Radios},
author = {Nychis, George and Hottelier, Thibaud and Yang, Zhuocheng and Seshan, Srinivasan and Steenkiste, Peter},
journal = {NSDI'09 Proceedings of the 6th USENIX symposium on Networked systems design and implementation},
year = {2009},
}

@misc{trondeau-volk,
author = {Rondeau, Thomas},
title = {VOLK: Vector-Optimized Library of Kernels},
howpublished = {blog},
month = {December},
year = {2010},
note = {http://www.trondeau.com/blog/2010/12/11/volk-vector-optimized-library-of-kernels.html},
}

@misc{trondeau-volkbenchmarking,
author = {Rondeau, Thomas},
title = {Volk Benchmarking},
howpublished = {blog},
month = {February},
year = {2012},
note = {http://www.trondeau.com/blog/2012/2/17/volk-benchmarking.html},
}

@manual{gnuradio-btsperformance,
title = {GNU Radio - OpenBTS E100 Performance},
author = {Tsou, Thomas},
organization = {GNU Radio},
edition = {13},
month = {July},
year = {2011},
note = {http://gnuradio.org/redmine/projects/gnuradio/wiki/OpenBTSE100Performance},
}

@manual{gnuradio-volk,
title = {GNU Radio - VOLK},
author = {Rondeau, Tom and Symeonidis, Dimitrios},
organization = {GNU Radio},
edition = {11},
month = {March},
year = {2012},
note = {http://gnuradio.org/redmine/projects/gnuradio/wiki/Volk},
}

@manual{gnuradio-mpsched,
title = {GNU Radio - MP Scheduler Performance},
author = {Blossom, Eric},
organization = {GNU Radio},
edition = {9},
month = {July},
year = {2008},
note = {http://gnuradio.org/redmine/projects/gnuradio/wiki/MPSchedulerPerformance},
}

@misc{github-metaoe,
title = {Contributors to openembedded/meta-oe},
organization = {Github},
month = {October},
year = {2012},
note = {https://github.com/openembedded/meta-oe/graphs/contributors},
}

@misc{mentor-oeterminology,
title = {Yocto versus Poky versus Angstrom, etc},
author = {Chris Hallinan},
organization = {Mentor Graphics},
howpublished = {blog},
month = {April},
year = {2012},
note = {http://blogs.mentor.com/chrishallinan/blog/2012/04/13/yocto-versus-poky-versus-angstrom-etc/},
}

@manual{layer-hierarchy,
title = {Openembedded Core},
organization = {Yocto Project},
month = {October},
year = {2012},
note = {http://www.yoctoproject.org/projects/openembedded-core},
}

@misc{oecore-wiki,
title = {OpenEmbedded-Core},
author = {Eggleton, Paul and Chang, Lloyd},
year = {2012},
month = {September},
note = {http://www.openembedded.org/wiki/OpenEmbedded-Core},
}

@manual{yocto-ref,
title = {The Yocto Project Reference Manual},
author = {Purdie, Richard},
organization = {Linux Foundation},
month = {July},
year = {2012},
note = {http://www.yoctoproject.org/docs/current/poky-ref-manual/poky-ref-manual.html},
}

@manual{yocto-dev,
title = {The Yocto Project Development Manual},
author = {Rifenbark, Scott},
organization = {Intel and Linux Foundation},
month = {July},
year = {2012},
note = {http://www.yoctoproject.org/docs/current/dev-manual/dev-manual.html},
}

@misc{gnu-list,
title = {Discuss-gnuradio},
author = {Nowlan, Sean},
month = {November},
year = {2011},
note = {http://lists.gnu.org/archive/html/discuss-gnuradio/2011-11/msg00151.html},
}

@article{vectorprocess_sdr,
 author = {van Berkel, Kees and Heinle, Frank and Meuwissen, Patrick P. E. and Moerman, Kees and Weiss, Matthias},
 title = {Vector processing as an enabler for software-defined radio in handheld devices},
 journal = {EURASIP J. Appl. Signal Process.},
 issue_date = {1 January 2005},
 volume = {2005},
 month = jan,
 year = {2005},
 issn = {1110-8657},
 pages = {2613--2625},
 numpages = {13},
 url = {http://dx.doi.org/10.1155/ASP.2005.2613},
 doi = {10.1155/ASP.2005.2613},
 acmid = {1287309},
 publisher = {Hindawi Publishing Corp.},
 address = {New York, NY, United States},
 keywords = {3G baseband processing, rake receiver, software-defined radio, vector processing, wireless LAN},
} 

@INPROCEEDINGS{scalability_simd, 
author={Woh, M. and Yuan Lin and Sangwon Seo and Mudge, T. and Mahlke, S.}, 
booktitle={Acoustics, Speech and Signal Processing, 2008. ICASSP 2008. IEEE International Conference on}, 
title={Analyzing the scalability of SIMD for the next generation software defined radio}, 
year={2008}, 
month={31 2008-april 4}, 
volume={}, 
number={}, 
pages={5388 -5391}, 
keywords={4G SDR technology;SIMD scalability;data level parallelism;single-instruction multiple-data;software defined radio;wireless DSP algorithms;4G mobile communication;parallel processing;software radio;}, 
doi={10.1109/ICASSP.2008.4518878}, 
ISSN={1520-6149},
}

@misc{matplotlib,
title = {matplotlib},
author = {Hunter, John and Dale, Darren and Firing, Eric and Droettboom, Michael},
month = {November},
year = {2012},
note = {http://matplotlib.org/contents.html},
}

@misc{oprofile,
title = {OProfile},
year = {2012},
month = {August},
note = {http://oprofile.sourceforge.net/about/},
}
